<?xml version="1.0" encoding="UTF-8"?>
<collection xmlns:xsi="http://www.w3.org/2001/XMLSchema-instance" xsi:schemaLocation="http://www.loc.gov/MARC21/slim http://www.loc.gov/standards/marcxml/schema/MARC21slim.xsd" xmlns="http://www.loc.gov/MARC21/slim">
<record>
  <leader>01942cam a2200325Mu 4500</leader>
  <controlfield tag="001">2537407</controlfield>
  <controlfield tag="003">NNC</controlfield>
  <controlfield tag="005">20150216142950.0</controlfield>
  <controlfield tag="008">820624r196u1924iq h     b    000 0 ara d</controlfield>
  <datafield tag="035" ind1=" " ind2=" ">
    <subfield code="9">AQL8773CU</subfield>
  </datafield>
  <datafield tag="035" ind1=" " ind2=" ">
    <subfield code="a">(OCoLC)ocn863264661</subfield>
  </datafield>
  <datafield tag="035" ind1=" " ind2=" ">
    <subfield code="a">(OCoLC)863264661</subfield>
  </datafield>
  <datafield tag="035" ind1=" " ind2=" ">
    <subfield code="a">(NNC)2537407</subfield>
  </datafield>
  <datafield tag="040" ind1=" " ind2=" ">
    <subfield code="a">EQO</subfield>
    <subfield code="b">eng</subfield>
    <subfield code="c">EQO</subfield>
    <subfield code="d">OCLCO</subfield>
    <subfield code="d">OCLCF</subfield>
  </datafield>
  <datafield tag="100" ind1="1" ind2=" ">
    <subfield code="6">880-01</subfield>
    <subfield code="a">Ibn al-Ṣayrafī, ʻAlī ibn Munjib,</subfield>
    <subfield code="d">1071-1147.</subfield>
  </datafield>
  <datafield tag="245" ind1="1" ind2="3">
    <subfield code="6">880-02</subfield>
    <subfield code="a">al-Ishārah ilá man nāla al-wizārah /</subfield>
    <subfield code="c">taʼlīf Abī al-Qāsim ʻAlī ibn Munjib ibn Sulaymān al-shahīr bi-Ibn al-Ṣayrafī al-Miṣrī ; ʻuniya bi-taḥqīqihi wa-al-taʻlīq ʻalayhi ʻAbd Allāh Mukhliṣ ʻan al-nuskhah al-waḥīdah al-maḥfūẓah fī Khizānat al-Kutub al-Khālidīyah bi-Bayt al-Maqdis.</subfield>
  </datafield>
  <datafield tag="260" ind1=" " ind2=" ">
    <subfield code="6">880-03</subfield>
    <subfield code="a">Baghdād :</subfield>
    <subfield code="b">Maktabat al-Muthanná,</subfield>
    <subfield code="c">[196-?]</subfield>
  </datafield>
  <datafield tag="300" ind1=" " ind2=" ">
    <subfield code="a">2 v. in 1 :</subfield>
    <subfield code="b">facsims. ;</subfield>
    <subfield code="c">29 cm.</subfield>
  </datafield>
  <datafield tag="500" ind1=" " ind2=" ">
    <subfield code="a">Reprint. Originally published : Cairo : al-Maʻhad al-ʻIlmī al-Faransī, 1924-1925.</subfield>
  </datafield>
  <datafield tag="500" ind1=" " ind2=" ">
    <subfield code="a">Published in Bulletin de l'Institut français d'archéologie orientale, v. 25-26.</subfield>
  </datafield>
  <datafield tag="504" ind1=" " ind2=" ">
    <subfield code="a">Includes bibliographical references.</subfield>
  </datafield>
  <datafield tag="650" ind1=" " ind2="0">
    <subfield code="a">Fatimites.</subfield>
  </datafield>
  <datafield tag="650" ind1=" " ind2="7">
    <subfield code="a">Fatimites.</subfield>
    <subfield code="2">fast</subfield>
    <subfield code="0">(OCoLC)fst00921954</subfield>
  </datafield>
  <datafield tag="700" ind1="1" ind2=" ">
    <subfield code="6">880-04</subfield>
    <subfield code="a">Mukhliṣ, ʻAbd Allāh,</subfield>
    <subfield code="d">1878-1947.</subfield>
  </datafield>
  <datafield tag="880" ind1="1" ind2=" ">
    <subfield code="6">100-01/r</subfield>
    <subfield code="a">ابن الصيرفي، علي بن منجب,</subfield>
    <subfield code="d">1071-1147.</subfield>
  </datafield>
  <datafield tag="880" ind1="1" ind2="2">
    <subfield code="6">245-02/r</subfield>
    <subfield code="a">الإشارة إلى من نال الوزارة /</subfield>
    <subfield code="c">تأليف أبي القاسم علي بن منجب بن سليمان الشهير بابن الصيرفي المصري ؛ عني بتحقيق والتعليق عليه عبد الله مخلص عن النسخة الوحيدة المحفوظة في خزانة الكتب الخالدية ببيت المقدس.</subfield>
  </datafield>
  <datafield tag="880" ind1=" " ind2=" ">
    <subfield code="6">260-03/r</subfield>
    <subfield code="a">بغداد :</subfield>
    <subfield code="b">مکتبة المثنى،</subfield>
    <subfield code="c">[-٦٩١؟]</subfield>
  </datafield>
  <datafield tag="880" ind1="1" ind2=" ">
    <subfield code="6">700-04/r</subfield>
    <subfield code="a">مخلص، عبد الله,</subfield>
    <subfield code="d">1878-1947.</subfield>
  </datafield>
  <datafield tag="955" ind1=" " ind2=" ">
    <subfield code="b">CU52876810</subfield>
    <subfield code="d">off,glx</subfield>
    <subfield code="e">DT95.5 .I1717</subfield>
  </datafield>
</record>
</collection>